<?xml version="1.0" encoding="UTF-8"?><collection xmlns="http://www.loc.gov/MARC21/slim"><record><leader>00453nam--2200133-i-4500</leader><controlfield tag="001">000029598</controlfield><controlfield tag="002">20161230</controlfield><controlfield tag="005">20161230201037</controlfield><controlfield tag="008">060222s1000------------r-----000-0-eng-d</controlfield><datafield ind1=" " ind2=" " tag="080"><subfield code="a">543.544(043)</subfield></datafield><datafield ind1=" " ind2=" " tag="100"><subfield code="a">Ladurelli,  Andre</subfield></datafield><datafield ind1=" " ind2=" " tag="245"><subfield code="a">Methodes chromatographiques de determination des prorietes thermodynamiques des solution etude des interactions polymere-solvant.these</subfield></datafield><datafield ind1=" " ind2=" " tag="260"><subfield code="a">Paris, Universite Pierre Et Marie Curie, 1976. 135p</subfield></datafield><datafield ind1=" " ind2=" " tag="852"><subfield code="a">77913</subfield></datafield></record></collection>